@book{saha2010robotics,
	author    = {Subir Kumar Saha},
	title     = {Introducción a la robótica},
	year      = {2010},
	publisher = {McGraw-Hill/Interamericana Editores, S.A. de C.V.},
	address   = {México, D.F.},
	translator = {Thomas W. Bartenbach},
	isbn      = {978-607-15-0313-8},
}
@book{barrientos2007fundamentos,
	author    = {Antonio Barrientos and Luis Felipe Peñín and Carlos Balaguer and Rafael Aracil},
	title     = {Fundamentos de Robótica},
	edition   = {2},
	year      = {2007},
	publisher = {McGraw-Hill/Interamericana de España, S.A.U.},
	address   = {Madrid, España},
	isbn      = {978-84-481-5636-7},
}
@book{corke2023robotics,
	author    = {Peter Corke},
	title     = {Robotics, Vision and Control: Fundamental Algorithms in Python},
	year      = {2023},
	edition   = {3},
	publisher = {Springer},
	isbn      = {978-3-031-06468-5},
	doi       = {10.1007/978-3-031-06469-2},
}
@book{reyes2011matlab,
	author    = {Fernando Reyes Cortés},
	title     = {{MATLAB} Aplicado a Robótica y Mecatrónica},
	year      = {2012},
	publisher = {Alfaomega Grupo Editor},
	address   = {México, D.F.},
	isbn      = {978-607-707-357-4},
}
@article{Dewesoft_LVDT,
	title = {Medición de posición y desplazamiento con sensores LVDT},
	author = {{Dewesoft}},
	year = {2025},
	url = {https://dewesoft.com/es/blog/medir-posicion-desplazamiento-con-sensores-lvdt}
}

@article{Servomotors_ResolverFeedback,
	title = {Resolver Feedback en Servomotores},
	author = {{Servomotors Adjust}},
	year = {2025},
	url = {https://www.servomotorsadjust.com/resolver-feedback/}
}

@misc{MercadoLibre_SensorTacometro,
	title = {Sensor de Velocidad Tacómetro Eléctrico 2 Puntas Kenworth},
	author = {{Mercado Libre México}},
	year = {2025},
	url = {https://articulo.mercadolibre.com.mx/MLM-1899279255-sensor-de-velocidad-tacometro-electrico-2-puntas-kenworth-_JM}
}

@misc{TE_Connectivity_Sensor,
	title = {CAT-SPS0021 - Sensor de TE Connectivity},
	author = {{TE Connectivity}},
	year = {2025},
	url = {https://www.te.com/es/product-CAT-SPS0021.html}
}

@article{BFMX_SensoresInternosRobot,
	title = {Los 3 tipos de sensores internos de un robot industrial},
	author = {{British Federal Mexico}},
	year = {2019},
	url = {https://bfmx.com/maquinaria-y-equipo-para-soladura-por-resistencia/sensores-internos-de-un-robot-industrial/}
}

@article{Omega_GalgasExtensiometricas,
	title = {¿Qué son las galgas extensiométricas?},
	author = {{Omega Engineering}},
	year = {2025},
	url = {https://es.omega.com/prodinfo/galgas-extensiometricas.html}
}

@article{IngMecafenix_SensorPiezoelectrico,
	title = {Que es un sensor piezoeléctrico y para que sirve},
	author = {{Ingeniería Mecafenix}},
	year = {2023},
	url = {https://www.ingmecafenix.com/automatizacion/sensores/sensor-piezoelectrico/}
}

\cite{Servomotors_ResolverFeedback}	