%BIBLIOGRAFÍA
@book{fundamentosRobotica,
	author    = {Antonio Barrientos and Luis Felipe Peñin and Carlos Balaguer and Rafael Aracil},
	title     = {Fundamentos de la Robótica},
	year      = {2007},
	publisher = {McGrawHill}
}


@book{introduccionRobotica,
	author    = {Subir Kumar Saha},
	title     = {Introducción a la Robótica},
	year      = {2010},
	publisher = {McGrawHill}
}

@online{lovtechnology2024,
	title     = {Que es el ROS (Robot Operating System), como funciona y para que sirve},
	author    = {{LovTechnology}},
	year      = {2024},
	url       = {https://lovtechnology.com/que-es-el-ros-robot-operating-system-como-funciona-y-para-que-sirve/},
	note      = {Consultado el 26 de mayo de 2025}
}

